<record><leader>00000cas a2200000 a 4500</leader><controlfield tag="001">13347443</controlfield><controlfield tag="008">860326d18771891txudr ne      0    0eng  </controlfield><datafield ind1=" " ind2=" " tag="010"><subfield code="a">sn 86071251 </subfield></datafield><datafield ind1=" " ind2=" " tag="040"><subfield code="a">DLC</subfield><subfield code="b">eng</subfield><subfield code="c">DLC</subfield><subfield code="d">PPM</subfield><subfield code="d">DLC</subfield><subfield code="d">OCLCQ</subfield><subfield code="d">DLC</subfield><subfield code="d">OCLCQ</subfield></datafield><datafield ind1=" " ind2=" " tag="042"><subfield code="a">pcc</subfield></datafield><datafield ind1=" " ind2=" " tag="043"><subfield code="a">n-us-tx</subfield></datafield><datafield ind1="0" ind2=" " tag="130"><subfield code="a">San Antonio daily express (San Antonio, Tex. : 1877)</subfield></datafield><datafield ind1="1" ind2="0" tag="245"><subfield code="a">San Antonio daily express.</subfield></datafield><datafield ind1="3" ind2="0" tag="246"><subfield code="a">Daily express</subfield></datafield><datafield ind1=" " ind2=" " tag="260"><subfield code="a">San Antonio, Tex. :</subfield><subfield code="b">Express Print. Co.,</subfield><subfield code="c">1877-</subfield></datafield><datafield ind1=" " ind2=" " tag="300"><subfield code="a">v. :</subfield><subfield code="b">ill. (chiefly advertisements) ;</subfield><subfield code="c">65 cm.</subfield></datafield><datafield ind1=" " ind2=" " tag="310"><subfield code="a">Daily</subfield></datafield><datafield ind1="0" ind2=" " tag="362"><subfield code="a">Vol. 11, no. 53 (Mar. 1, 1877)- v. 26, no. 319 (Nov. 15, 1891).</subfield></datafield><datafield ind1=" " ind2=" " tag="530"><subfield code="a">Also issued on microfilm from Micro Photo Div., Bell &amp; Howell Co.</subfield></datafield><datafield ind1=" " ind2=" " tag="580"><subfield code="a">Also published in a weekly ed. called: San Antonio weekly express.</subfield></datafield><datafield ind1=" " ind2=" " tag="752"><subfield code="a">United States</subfield><subfield code="b">Texas</subfield><subfield code="c">Bexar</subfield><subfield code="d">San Antonio.</subfield></datafield><datafield ind1="1" ind2=" " tag="775"><subfield code="a">San Antonio weekly express</subfield><subfield code="w">(DLC)sn 86071470</subfield></datafield><datafield ind1="0" ind2="0" tag="780"><subfield code="t">San Antonio express (San Antonio, Tex. : 1875)</subfield><subfield code="w">(DLC)sn 86071250</subfield></datafield><datafield ind1="0" ind2="0" tag="785"><subfield code="t">Daily express (San Antonio, Tex. : 1891)</subfield><subfield code="w">(DLC)sn 86071252</subfield></datafield><datafield ind1="1" ind2=" " tag="029"><subfield code="a">AU@</subfield><subfield code="b">000026225935</subfield></datafield></record>